

@book{smm2011,
title={The Social Media Management Handbook: Everything You Need To Know To Get Social Media Working In Your Buisness},
author={Nick Smith and Robert Wollan and Catherine Zhou},
isbn={978-0-470-65124-7},
year={2011},
publisher={Wiley}
}



@book{squared,
title={Experimental Design in Biotechnology (Statistics: A Series of Textbooks and Monographs)},
author={Perry D. Haaland},
isbn={978-0-470-65124-7},
year={1989},
publisher={CRC Press; 1 edition}
}



@book{foster,
title={Data Science for Business: What You Need To Know About Data Mining And Data-Analytic Thinking},
author={Foster Provost and Tom Fawcett},
year={2013},
publisher={O'Reilly Media, Inc.}
}

@book{abbas,
title={Mixed Methodology: Combining Qualitative and Quantitative Approaches},
author={Abbas Tashakkori and Charles Teddlie},
year={1998},
publisher={O'Reilly Media, Inc.}
}

@book{massey2009,
title={Worldwide Integral calculies},
author={massey, David B.},
url={http:google.dk},
year={2009},
publisher={Lort}
}





@article{lockheed,
title={Lockheed Martin Corporation Common Stock Quote and Summary Data},
author={Nasdaq},
note = {\mbox{[Last Accessed: December 1st 2017]}},
year={},
url={http://www.nasdaq.com/symbol/lmt}
}


@article{mangold,
title={Social media: The new hybrid element of the promotion mix},
author={W. Glynn Mangold and David J. Faulds},
year={2009},
}

@article{velocity,
title={Big Data:The Management Revolution},
author={Andrew McAfee and Erik Brynjolfsson},
year={2012},
note = {\mbox{[Last Accessed: December 1st 2017]}},

url={http://tarjomefa.com/wp-content/uploads/2017/04/6539-English-TarjomeFa-1.pdf}
}

@article{protect,
title={Protection of personal data},
author={{European Commission}},
year={2017},
note = {\mbox{[Last Accessed: December 1st 2017]}},

url={http://ec.europa.eu/justice/data-protection/}
}





@article{sentione,
title={Frequently asked questions},
author={Sentione},
year={2017},
note = {\mbox{[Last Accessed: December 1st 2017]}},

url={https://sentione.com/knowledge/frequently-asked-questions}
}


@article{sodato,
title={sodato},
author={Sodato},
year={2017},
note = {\mbox{[Last Accessed: December 1st 2017]}},

url={http://cssl.cbs.dk/software/sodato/}
}



@article{woweu,
title={World of Warcraft Europe},
author={{Blizzard Entertainment}},
year={2017},
note = {\mbox{[Last Accessed: December 1st 2017]}},

url={https://www.facebook.com/WorldofWarcraft.eu/ }
}


@article{blizzardtimeline,
title={BLIZZARD TIMELINE},
author={{Blizzard Entertainment}},
year={2017},
note = {\mbox{[Last Accessed: December 1st 2017]}},

url={http://us.blizzard.com/en-us/company/about/b20/timeline.html }
}


@article{heartstone,
title={Heartstone},
author={{Blizzard Entertainment}},
year={2017},
note = {\mbox{[Last Accessed: December 1st 2017]}},

url={https://www.facebook.com/Hearthstone.en/}
}


@article{blizzard,
title={Blizzard main facebook page},
author={{Blizzard Entertainment}},
year={2017},
note = {\mbox{[Last Accessed: December 1st 2017]}},
url={https://www.facebook.com/Blizzard/}
}

@article{blizzcon,
title={Blizzcon},
author={{Blizzard Entertainment}},
year={2017},
note = {\mbox{[Last Accessed: December 1st 2017]}},

url={https://blizzcon.com/en-us/event-info}
}

@article{recruit,
title={Recruit A Friend},
author={{Blizzard Entertainment}},
year={2017},
note = {\mbox{[Last Accessed: December 1st 2017]}},

url={http://eu.battle.net/wow/en/game/recruit-a-friend/}
}


@article{socialbusiness,
title={Current Challenges in Social Media Management},
author={Kristian Toerning and Zeshan Jaffari and Ravi Vatrapu},
year={2015}
}

@book{nasdaq,
title={Activision Blizzard, Inc. Annual Report For the Fiscal Year Ended December 31, 2016},
note = {\mbox{[Last Accessed: December 1st 2017]}},
author={{Activision Blizzard Inc}},
year={2016},
url={http://investor.activision.com/annual-reports.cfm}
}

@article{blizzmission,
title={Mission},
author={{Blizzard Entertainment}},
year={2017},
note = {\mbox{[Last Accessed: December 1st 2017]}},

url={http://us.blizzard.com/en-us/company/about/mission.html}
}


@article{job,
title={openings},
author={{Blizzard Entertainment}},
year={2017},
note = {\mbox{[Last Accessed: December 1st 2017]}},

url={https://careers.blizzard.com/en-us/openings}
}









